<?xml version="1.0" encoding="UTF-8"?>
<zs:searchRetrieveResponse xmlns:zs="http://www.loc.gov/zing/srw/">
  <zs:version>1.1</zs:version>
  <zs:numberOfRecords>9</zs:numberOfRecords>
  <zs:records>
    <zs:record>
      <zs:recordSchema/>
      <zs:recordPacking>xml</zs:recordPacking>
      <zs:recordData>
        <record xmlns="http://www.loc.gov/MARC21/slim">
          <leader>01998cam a2200397u  4500</leader>
          <controlfield tag="001">6717267</controlfield>
          <controlfield tag="005">20131025111002.0</controlfield>
          <controlfield tag="007">sd bmmennmplue</controlfield>
          <controlfield tag="008">851025s1980    xxu           000 0 eng  </controlfield>
          <datafield tag="906" ind1=" " ind2=" ">
            <subfield code="a">0</subfield>
            <subfield code="b">cbc</subfield>
            <subfield code="c">premunv</subfield>
            <subfield code="d">u</subfield>
            <subfield code="e">ncip</subfield>
            <subfield code="f">19</subfield>
            <subfield code="g">y-gencatlg</subfield>
          </datafield>
          <datafield tag="955" ind1=" " ind2=" ">
            <subfield code="a">qz07 2005-04-28</subfield>
            <subfield code="e">qz07 2005-04-28 inventoried</subfield>
          </datafield>
          <datafield tag="010" ind1=" " ind2=" ">
            <subfield code="a">   79750685 </subfield>
          </datafield>
          <datafield tag="028" ind1="0" ind2="2">
            <subfield code="a">8027</subfield>
            <subfield code="b">Arabesque Recordings</subfield>
          </datafield>
          <datafield tag="035" ind1=" " ind2=" ">
            <subfield code="9">(DLC)   79750685</subfield>
          </datafield>
          <datafield tag="040" ind1=" " ind2=" ">
            <subfield code="a">DLC</subfield>
            <subfield code="c">CarP</subfield>
            <subfield code="d">DLC</subfield>
          </datafield>
          <datafield tag="050" ind1="0" ind2="0">
            <subfield code="a">Arabesque Recordings 8027</subfield>
          </datafield>
          <datafield tag="245" ind1="0" ind2="0">
            <subfield code="a">Arias and songs sung by Dame Clara Butt</subfield>
            <subfield code="h">[sound recording].</subfield>
          </datafield>
          <datafield tag="260" ind1=" " ind2=" ">
            <subfield code="a">[n.p.]</subfield>
            <subfield code="b">Arabesque Recordings 8027. [1980]</subfield>
          </datafield>
          <datafield tag="300" ind1=" " ind2=" ">
            <subfield code="a">1 sound disc :</subfield>
            <subfield code="b">analog, 33 1/3 rpm ;</subfield>
            <subfield code="c">12 in.</subfield>
          </datafield>
          <datafield tag="650" ind1=" " ind2="0">
            <subfield code="a">Vocal music.</subfield>
          </datafield>
          <datafield tag="700" ind1="1" ind2=" ">
            <subfield code="a">Butt, Clara,</subfield>
            <subfield code="c">Dame,</subfield>
            <subfield code="d">1872-1936.</subfield>
          </datafield>
          <datafield tag="700" ind1="1" ind2="2">
            <subfield code="a">Handel, George Frideric,</subfield>
            <subfield code="d">1685-1759.</subfield>
            <subfield code="t">Alessandro.</subfield>
            <subfield code="p">Lusinghe più care.</subfield>
          </datafield>
          <datafield tag="700" ind1="1" ind2="2">
            <subfield code="a">Handel, George Frideric,</subfield>
            <subfield code="d">1685-1759.</subfield>
            <subfield code="t">Sosarme.</subfield>
            <subfield code="p">Rendi'l sereno al ciglio.</subfield>
          </datafield>
          <datafield tag="700" ind1="1" ind2="2">
            <subfield code="a">Donizetti, Gaetano,</subfield>
            <subfield code="d">1797-1848.</subfield>
            <subfield code="t">Lucrezia Borgia.</subfield>
            <subfield code="p">Segreto per esser felici.</subfield>
          </datafield>
          <datafield tag="700" ind1="1" ind2="2">
            <subfield code="a">Gluck, Christoph Willibald,</subfield>
            <subfield code="c">Ritter von,</subfield>
            <subfield code="d">1714-1787.</subfield>
            <subfield code="t">Orfeo ed Euridice.</subfield>
            <subfield code="p">Che farò senza Euridice.</subfield>
          </datafield>
          <datafield tag="700" ind1="1" ind2="2">
            <subfield code="a">Elgar, Edward,</subfield>
            <subfield code="d">1857-1934.</subfield>
            <subfield code="t">Dream of Gerontius.</subfield>
            <subfield code="p">Softly and gently.</subfield>
          </datafield>
          <datafield tag="700" ind1="1" ind2="2">
            <subfield code="a">Elgar, Edward,</subfield>
            <subfield code="d">1857-1934.</subfield>
            <subfield code="t">Sea pictures.</subfield>
            <subfield code="p">Where corals lie.</subfield>
          </datafield>
          <datafield tag="700" ind1="1" ind2="2">
            <subfield code="a">Elgar, Edward,</subfield>
            <subfield code="d">1857-1934.</subfield>
            <subfield code="t">Pomp and circumstance.</subfield>
            <subfield code="n">No. 1.</subfield>
            <subfield code="p">Largamente;</subfield>
            <subfield code="o">arranged  [Sound recording] 1980. [from old catalog]</subfield>
          </datafield>
          <datafield tag="700" ind1="1" ind2="2">
            <subfield code="a">Lehmann, Liza,</subfield>
            <subfield code="d">1862-1918.</subfield>
            <subfield code="t">Birth of the flowers. [Sound recording] 1980. [from old catalog]</subfield>
          </datafield>
          <datafield tag="700" ind1="1" ind2="2">
            <subfield code="a">Broadwood, Lucy Etheldred,</subfield>
            <subfield code="d">1858-1929.</subfield>
            <subfield code="t">Keys of heaven.</subfield>
          </datafield>
          <datafield tag="700" ind1="1" ind2="2">
            <subfield code="a">Hatton, John Liptrot,</subfield>
            <subfield code="d">1809-1886.</subfield>
            <subfield code="t">Enchantress.</subfield>
          </datafield>
          <datafield tag="700" ind1="1" ind2="2">
            <subfield code="a">Hullah, John,</subfield>
            <subfield code="d">1812-1884.</subfield>
            <subfield code="t">Three fishers.</subfield>
          </datafield>
          <datafield tag="700" ind1="1" ind2="2">
            <subfield code="a">Goodhart, Arthur.</subfield>
            <subfield code="t">Fairy went a-marketing.</subfield>
          </datafield>
          <datafield tag="700" ind1="1" ind2="2">
            <subfield code="a">Sullivan, Arthur,</subfield>
            <subfield code="d">1842-1900.</subfield>
            <subfield code="t">Light of the world.</subfield>
            <subfield code="p">God shall wipe away all tears;</subfield>
            <subfield code="o">arranged.</subfield>
          </datafield>
          <datafield tag="700" ind1="1" ind2="2">
            <subfield code="a">Dvořák, Antonín,</subfield>
            <subfield code="d">1841-1904.</subfield>
            <subfield code="t">Biblické písně.</subfield>
            <subfield code="k">Selections.</subfield>
          </datafield>
          <datafield tag="985" ind1=" " ind2=" ">
            <subfield code="e">LPPmusic</subfield>
          </datafield>
        </record>
      </zs:recordData>
      <zs:recordPosition>1</zs:recordPosition>
    </zs:record>