
    <zs:record>
      <zs:recordSchema/>
      <zs:recordPacking>xml</zs:recordPacking>
      <zs:recordData>
        <record xmlns="http://www.loc.gov/MARC21/slim">
          <leader>01494ccm a2200301 a 4500</leader>
          <controlfield tag="001">16980194</controlfield>
          <controlfield tag="005">20111012121823.0</controlfield>
          <controlfield tag="008">110928q19401949enkfma|        n  | eng d</controlfield>
          <datafield tag="906" ind1=" " ind2=" ">
            <subfield code="a">7</subfield>
            <subfield code="b">cbc</subfield>
            <subfield code="c">copycat</subfield>
            <subfield code="d">3</subfield>
            <subfield code="e">ncip</subfield>
            <subfield code="f">20</subfield>
            <subfield code="g">y-genmusic</subfield>
          </datafield>
          <datafield tag="925" ind1="0" ind2=" ">
            <subfield code="a">acquire</subfield>
            <subfield code="b">2 shelf copies</subfield>
            <subfield code="x">policy default</subfield>
          </datafield>
          <datafield tag="955" ind1=" " ind2=" ">
            <subfield code="a">vl16 2011-09-28 z-client</subfield>
            <subfield code="i">vl16 2011-09-28</subfield>
            <subfield code="e">vl34 2011-10-04 to Music Division</subfield>
            <subfield code="e">vl39 2011-10-12 to BCCD c.1</subfield>
          </datafield>
          <datafield tag="010" ind1=" " ind2=" ">
            <subfield code="a">  2011567011</subfield>
          </datafield>
          <datafield tag="035" ind1=" " ind2=" ">
            <subfield code="a">(OCoLC)ocm07452617</subfield>
          </datafield>
          <datafield tag="035" ind1=" " ind2=" ">
            <subfield code="a">(OCoLC)7452617</subfield>
            <subfield code="z">(OCoLC)20913407</subfield>
          </datafield>
          <datafield tag="040" ind1=" " ind2=" ">
            <subfield code="a">IAZ</subfield>
            <subfield code="c">IAZ</subfield>
            <subfield code="d">OCLCQ</subfield>
            <subfield code="d">NJR</subfield>
            <subfield code="d">OCLCG</subfield>
            <subfield code="d">UPM</subfield>
            <subfield code="d">YUU</subfield>
            <subfield code="d">OCLCA</subfield>
            <subfield code="d">DLC</subfield>
          </datafield>
          <datafield tag="042" ind1=" " ind2=" ">
            <subfield code="a">lccopycat</subfield>
          </datafield>
          <datafield tag="043" ind1=" " ind2=" ">
            <subfield code="a">e-uk-en</subfield>
          </datafield>
          <datafield tag="050" ind1="0" ind2="0">
            <subfield code="a">M1740</subfield>
            <subfield code="b">.E513 1940z</subfield>
          </datafield>
          <datafield tag="245" ind1="0" ind2="0">
            <subfield code="a">English county songs :</subfield>
            <subfield code="b">words and music /</subfield>
            <subfield code="c">collected and edited by Lucy E. Broadwood and J.A. Fuller Maitland.</subfield>
          </datafield>
          <datafield tag="260" ind1=" " ind2=" ">
            <subfield code="a">London,</subfield>
            <subfield code="b">J.B. Cramer</subfield>
            <subfield code="c">[194-?]</subfield>
          </datafield>
          <datafield tag="300" ind1=" " ind2=" ">
            <subfield code="a">1 score (viii, 185 p.) ;</subfield>
            <subfield code="c">26 cm.</subfield>
          </datafield>
          <datafield tag="500" ind1=" " ind2=" ">
            <subfield code="a">For voice and piano.</subfield>
          </datafield>
          <datafield tag="505" ind1="0" ind2=" ">
            <subfield code="a">Songs of the northern counties -- Songs of the north-western counties -- Songs of the midland counties -- Songs of the eastern counties -- Songs of the home counties -- Songs of the south coast -- Songs of the sea.</subfield>
          </datafield>
          <datafield tag="650" ind1=" " ind2="0">
            <subfield code="a">Folk music</subfield>
            <subfield code="z">England.</subfield>
          </datafield>
          <datafield tag="650" ind1=" " ind2="0">
            <subfield code="a">Folk songs, English</subfield>
            <subfield code="z">England.</subfield>
          </datafield>
          <datafield tag="700" ind1="1" ind2=" ">
            <subfield code="a">Broadwood, Lucy Etheldred,</subfield>
            <subfield code="d">1858-1929.</subfield>
          </datafield>
          <datafield tag="700" ind1="1" ind2=" ">
            <subfield code="a">Fuller-Maitland, J. A.</subfield>
            <subfield code="q">(John Alexander),</subfield>
            <subfield code="d">1856-1936.</subfield>
          </datafield>
          <datafield tag="952" ind1=" " ind2=" ">
            <subfield code="a">When this was cataloged (vl16 2011-09-28), a similar item represented by PREMARC record unk84127614 with call no. M1740.B86E58 1978 could not be located</subfield>
          </datafield>
        </record>
      </zs:recordData>
      <zs:recordPosition>2</zs:recordPosition>
    </zs:record>